@article{bourlioux2003high,
  title={High-order multi-implicit spectral deferred correction methods for problems of reactive flow},
  author={Bourlioux, Anne and Layton, Anita T and Minion, Michael L},
  journal={Journal of Computational Physics},
  volume={189},
  number={2},
  pages={651--675},
  year={2003},
  publisher={Elsevier}
}
@article{bouzarth2010multirate,
  title={A multirate time integrator for regularized Stokeslets},
  author={Bouzarth, Elizabeth L and Minion, Michael L},
  journal={Journal of Computational Physics},
  volume={229},
  number={11},
  pages={4208--4224},
  year={2010},
  publisher={Elsevier}
}
